    @BOOK{Plugins,
      author =       "Eric Clayberg and Dan Rubel",
      title =        "{\it eclipse Plug-ins}",
      publisher =    "Addison-Wesley Pearson Education",
      year =         "2009",
      isbn =         "0-321-55346-2",
    }
    
    @BOOK{JUnitGuide,
      author =       "Kent Beck",
      title =        "{\it JUnit Pocket Guide}",
      publisher =    "O'Reilly",
      year =         "2004",
      isbn =         "0-596-00743-4",
    }
    
   @MISC{fitWeb,
      author =       "Zdena Rábová and Petr Hanáček and Petr Peringer and Petr Přikryl and Bohuslav Křena",
      title =        "{\it Užitečné rady pro psaní odborného textu}",
      howpublished = "FIT VUT v Brně",
      year =         "2008",
      month =        Nov,
      url =          "http://www.fit.vutbr.cz/info/statnice/psani\_textu.html",
      note =         "[Online; navštíveno 12.05.2015]"
   }
   
   @BOOK{Lebrun2011,
      author = {Jean-Luc Lebrun},
      title = {Scientific Writing 2.0: a reader and writer's guide},
      publisher = {World Scientific Publishing},
      year = {2011},
      note = {ISBN: 9814350605},
      owner = {herout},
      timestamp = {2015.01.20}
  }
  